@online{ove06,
  author = {Henk Oversloot},
  title = {Walschaerts and Crosshead construction},
  year = 2006,
  url = {http://www.fs160.eu/fiNeweb/Lconstruction/walschaerts/walschaerts.php},
  urldate = {2020-04-19}
}

@online{steel1,
	author = {Ames Web},
	title = {Density of Steel},
	year = 2013,
	url = {https://amesweb.info/Materials/Density_of_Steel.aspx},
	urldate = {2020-04-23}
}